@article{computation,
  title={Toward accommodating realistic fuel chemistry in large-scale computations},
  author={Lu, Tianfeng and Law, Chung K},
  href = {https://www.sciencedirect.com/science/article/pii/S036012850800066X},
  journal={Progress in Energy and Combustion Science},
  volume={35},
  number={2},
  pages={192--215},
  year={2009},
  publisher={Elsevier}
}

@article{goldsborough2009chemical,
  title={A chemical kinetically based ignition delay correlation for iso-octane covering a wide range of conditions including the NTC region},
  author={Goldsborough, S Scott},
  href = {https://www.google.com/url?sa=t&rct=j&q=&esrc=s&source=web&cd=1&cad=rja&uact=8&ved=2ahUKEwiivPfF2frkAhWJsI8KHUZoAaQQFjAAegQIARAB&url=https%3A%2F%2Fwww.sciencedirect.com%2Fscience%2Farticle%2Fpii%2FS001021800900011X&usg=AOvVaw2XAbxiVW880nnbY9RUYdwX}},
  journal={Combustion and Flame},
  volume={156},
  number={6},
  pages={1248--1262},
  year={2009},
  publisher={Elsevier}
}

@article{bond_energy,
  title={Bond dissociation energies of organic molecules},
  author={Blanksby, Stephen J and Ellison, G Barney},
  journal={Accounts of chemical research},
  volume={36},
  number={4},
  pages={255--263},
  year={2003},
  publisher={ACS Publications}
}


@article{horning,
  title={A study of the high-temperature auto-ignition and thermal decomposition of hydrocarbons},
  author={David Charles Horning},
  href = {https://www.google.com/url?sa=t&rct=j&q=&esrc=s&source=web&cd=5&cad=rja&uact=8&ved=2ahUKEwj8qrTGjv7kAhUMtI8KHQi1DXkQFjAEegQIAhAC&url=https%3A%2F%2Fhanson.stanford.edu%2Fdissertations%2FHorning_2001.pdf&usg=AOvVaw3FnK5ukH6g_jSYqOUT4hmZ},
  volume={Report No. TSD-135},
  year={2001},
}

@techreport{shah2019prediction,
  title={Prediction of autoignition and flame properties for multicomponent fuels using machine learning techniques},
  author={Shah, Neel and Zhao, Peng and DelVescovo, Dan and Ge, Haiwen},
  year={2019},
  institution={SAE Technical Paper}
}

@article{dussan2019chemical,
  title={Chemical functional group descriptor for ignition propensity of large hydrocarbon liquid fuels},
  author={Dussan, Karla and Won, Sang Hee and Ure, Andrew D and Dryer, Frederick L and Dooley, Stephen},
  journal={Proceedings of the Combustion Institute},
  volume={37},
  number={4},
  pages={5083--5093},
  year={2019},
  publisher={Elsevier}
}

@article{chinta2019prediction,
  title={Prediction error-based clustering approach for multiple-model learning using statistical testing},
  author={Chinta, Sivadurgaprasad and Sivaram, Abhishek and Rengaswamy, Raghunathan},
  journal={Engineering Applications of Artificial Intelligence},
  volume={77},
  pages={125--135},
  year={2019},
  publisher={Elsevier}
}


@article{ji2016controlling,
  title={On the controlling mechanism of the upper turnover states in the NTC regime},
  author={Ji, Weiqi and Zhao, Peng and He, Tanjin and He, Xin and Farooq, Aamir and Law, Chung K},
  journal={Combustion and Flame},
  volume={164},
  pages={294--302},
  year={2016},
  publisher={Elsevier}
}

@article{khaled2019universality,
  title={On the universality of ignition delay times of distillate fuels at high temperatures: A statistical approach},
  author={Khaled, Fethi and Farooq, Aamir},
  journal={Combustion and Flame},
  volume={210},
  pages={145--158},
  year={2019},
  publisher={Elsevier}
}

@article{propanemech,
  title={Propane Mechanism - AramcoMech2.0},
  note = {Available at \url{http://www.nuigalway.ie/media/researchcentres/combustionchemistrycentre/files/mechanismdownloads/aramcomech2/AramcoMech2.0.mech}
}

@article{butanemech,
  title={Butane Mechanism - AramcoMech1.3},
  note = {Available at \url{http://www.nuigalway.ie/media/researchcentres/combustionchemistrycentre/files/mechanismdownloads/c4_49.dat}
}

@article{pentanemech,
  title={Pentane Mechanism - AramcoMech1.3},
  note = {Available at \url{http://www.nuigalway.ie/media/researchcentres/combustionchemistrycentre/files/mechanismdownloads/nuigmech_c5_july2015_1215.chem}
}

@article{hexanemech,
  title={Hexane Mechanism},
author={Zhang, Kuiwen and Banyon, Colin and Togb{\'e}, Casimir and Dagaut, Philippe and Bugler, John and Curran, Henry J},
note = {Available at \url{https://ars.els-cdn.com/content/image/1-s2.0-S0010218015002576-mmc1.zip}
}
}

@article{heptanemech,
  title={Heptane Mechanism},
author={Zhang, Kuiwen and Banyon, Colin and Bugler, John and Curran, Henry J and Rodriguez, Anne and Herbinet, Olivier and Battin-Leclerc, Fr{\'e}d{\'e}rique and B'Chir, Christine and Heufer, Karl Alexander},
note = {Available at \url{https://ars.els-cdn.com/content/image/1-s2.0-S0010218016301560-mmc1.zip}

}

@article{c8toc16mech,
  title={Octane to Hexa-Decane Mechanisms},
  author={Westbrook, C. K., W. J. Pitz, O. Herbinet, H. J. Curran, and E. J. Silke},
note = {Available at \url{https://combustion.llnl.gov/archived-mechanisms/alkanes/c8c16-nalkanes}
}

@book{modernbook,
  title={Modern physical organic chemistry},
  author={Anslyn, Eric V and Dougherty, Dennis A},
  year={2006},
  publisher={University science books}
}

@book{stephen,
  title={An introduction to combustion: concepts and applications},
  author={Stephen, R},
  year={1996},
  publisher={McGraw-hill}
}

@phdthesis{Lam_2013_thesis,
  title={Shock tube measurements of oxygenated fuel combustion using laser absorption spectroscopy},
  author={Lam, King Yiu},
  year={2013},
  school={Stanford University}
}

@article{Normal_Alkanes_and_Simple_Oxygenates,
  title={Ignition delay time measurements of normal alkanes and simple oxygenates},
  author={Davidson, DF and Ranganath, SC and Lam, K-Y and Liaw, M and Hong, Z},
  journal={Journal of Propulsion and Power},
  volume={26},
  number={2},
  pages={280--287},
  year={2010}
}

@article{GRI_mech,
  title={GRI-Mechâ€”an optimized detailed chemical reaction mechanism for methane combustion},
  author={Frenklach, M and Wang, H and Goldenberg, M and Smith, GP and Golden, DM and Bowman, CT and Hanson, RK and Gardiner, WC and Lissianski, V},
  journal={Gas Research Institute Report No. GRI-95/0058},
  year={1995}
}

@article{Rate_Coefficient,
  title={Measurement of the rate coefficient of the reaction CH+$O_2 \rightarrow$ products in the temperature range 2200 to 2600 K},
  author={R{\"o}hrig, Michael and Petersen, Eric L and Davidson, David F and Hanson, Ronald K and Bowman, Craig T},
  journal={International journal of chemical kinetics},
  volume={29},
  number={10},
  pages={781--789},
  year={1997},
  publisher={Wiley Online Library}
}



@article{Ethane_Ignition_Delay,
  title={Experimental study on ethane ignition delay times and evaluation of chemical kinetic models},
  author={Hu, Erjiang and Chen, Yizhen and Zhang, Zihang and Li, Xiaotian and Cheng, Yu and Huang, Zuohua},
  journal={Energy \& Fuels},
  volume={29},
  number={7},
  pages={4557--4566},
  year={2015},
  publisher={ACS Publications}
}

@phdthesis{Horning_2001_thesis,
  title={A study of the high-temperature autoignition and thermal decomposition of hydrocarbons},
  author={Horning, David Charles and Davidson, DF and Hanson, RK},
  year={2001},
  school={Stanford University Stanford, California}
}

@article{Autoignition_n_Alkane,
  title={Study of the high-temperature autoignition of n-alkane/O/Ar mixtures},
  author={Horning, David Charles and Davidson, DF and Hanson, RK},
  journal={Journal of Propulsion and Power},
  volume={18},
  number={2},
  pages={363--371},
  year={2002}
}

@article{n_Alkane_oxidation,
  title={OH concentration time histories in n-alkane oxidation},
  author={Davidson, DF and Herbon, JT and Horning, DC and Hanson, RK},
  journal={International journal of chemical kinetics},
  volume={33},
  number={12},
  pages={775--783},
  year={2001},
  publisher={Wiley Online Library}
}

@article{propane_const_V,
  title={Shock tube ignition delay time measurements in propane/O2/argon mixtures at near-constant-volume conditions},
  author={Lam, K-Y and Hong, Z and Davidson, DF and Hanson, RK},
  journal={Proceedings of the Combustion Institute},
  volume={33},
  number={1},
  pages={251--258},
  year={2011},
  publisher={Elsevier}
}

@article{propene_oxidation,
  title={An experimental and modeling study of propene oxidation. Part 2: Ignition delay time and flame speed measurements},
  author={Burke, Sin{\'e}ad M and Burke, Ultan and Mc Donagh, Reuben and Mathieu, Olivier and Osorio, Irmis and Keesee, Charles and Morones, Anibal and Petersen, Eric L and Wang, Weijing and DeVerter, Trent A and others},
  journal={Combustion and Flame},
  volume={162},
  number={2},
  pages={296--314},
  year={2015},
  publisher={Elsevier}
}

@article{aerosol_shock_tube,
  title={Development of an aerosol shock tube for kinetic studies of low-vapor-pressure fuels},
  author={Davidson, DF and Haylett, DR and Hanson, RK},
  journal={Combustion and Flame},
  volume={155},
  number={1-2},
  pages={108--117},
  year={2008},
  publisher={Elsevier}
}

@article{aerosol_shock_tube_low_pressure,
  title={Ignition delay times of low-vapor-pressure fuels measured using an aerosol shock tube},
  author={Haylett, Daniel R and Davidson, David F and Hanson, Ronald K},
  journal={Combustion and Flame},
  volume={159},
  number={2},
  pages={552--561},
  year={2012},
  publisher={Elsevier}
}

@article{C1_C4_Alkanes,
  title={Comparative study on ignition delay times of C1--C4 alkanes},
  author={Zhang, Jiaxiang and Hu, Erjiang and Zhang, Zihang and Pan, Lun and Huang, Zuohua},
  journal={Energy \& Fuels},
  volume={27},
  number={6},
  pages={3480--3487},
  year={2013},
  publisher={ACS Publications}
}

@article{Second_generation_confo,
  title={Second-generation aerosol shock tube: an improved design},
  author={Haylett, DR and Davidson, DF and Hanson, RK},
  journal={Shock Waves},
  volume={22},
  number={6},
  pages={483--493},
  year={2012},
  publisher={Springer}
}

@inproceedings{Second_Generation_shock_tube ,
  title={A second-generation aerosol shock tube for combustion research},
  author={Haylett, Daniel and Davidson, David and Hanson, Ronald},
  booktitle={48th AIAA Aerospace Sciences Meeting Including the New Horizons Forum and Aerospace Exposition},
  pages={196},
  year={2010}
}

@inproceedings{n_Dodecane_Nano,
  title={Application of an aerosol shock tube for the kinetic studies of n-dodecane/nano-aluminum slurries},
  author={Jackson, David and Davidson, David and Hanson, Ronald},
  booktitle={44th AIAA/ASME/SAE/ASEE joint propulsion conference \& exhibit},
  pages={4767},
  year={2008}
}

@article{n_Dodecane,
  title={n-Dodecane oxidation at high-pressures: Measurements of ignition delay times and OH concentration time-histories},
  author={Vasu, Subith S and Davidson, David F and Hong, Z and Vasudevan, V and Hanson, Ronald K},
  journal={Proceedings of the Combustion Institute},
  volume={32},
  number={1},
  pages={173--180},
  year={2009},
  publisher={Elsevier}
}

@phdthesis{Vasu_2010_thesis,
  title={Measurements of ignition times, OH time-histories, and reaction rates in jet fuel and surrogate oxidation systems},
  author={Vasu, Subith S},
  year={2010},
  school={PhD Thesis, Stanford University, California, United States}
}

@article{n_hexadecane,
  title={Multi-species time-history measurements during n-hexadecane oxidation behind reflected shock waves},
  author={Haylett, DR and Davidson, DF and Cook, RD and Hong, Z and Ren, W and Pyun, SH and Hanson, RK},
  journal={Proceedings of the Combustion Institute},
  volume={34},
  number={1},
  pages={369--376},
  year={2013},
  publisher={Elsevier}
}

@article{hexadecane_diesel,
  title={OH and C2H4 species time-histories during hexadecane and diesel ignition behind reflected shock waves},
  author={Haylett, DR and Cook, RD and Davidson, DF and Hanson, RK},
  journal={Proceedings of the Combustion Institute},
  volume={33},
  number={1},
  pages={167--173},
  year={2011},
  publisher={Elsevier}
}

@book{Haylett_2011_thesis,
  title={The development and application of aerosol shock tube methods for the study of low-vapor-pressure fuels},
  author={Haylett, Daniel Robert},
  year={2011},
  publisher={Stanford University}
}

@article{blend_surrogate_fuels,
  title={Shock tube determination of ignition delay times in full-blend and surrogate fuel mixtures},
  author={Gauthier, BM and Davidson, David F and Hanson, Ronald K},
  journal={Combustion and Flame},
  volume={139},
  number={4},
  pages={300--311},
  year={2004},
  publisher={Elsevier}
}

@article{iso_octane_heptane,
  title={Methyl concentration time-histories during iso-octane and n-heptane oxidation and pyrolysis},
  author={Davidson, DF and Oehlschlaeger, MA and Hanson, RK},
  journal={Proceedings of the Combustion Institute},
  volume={31},
  number={1},
  pages={321--328},
  year={2007},
  publisher={Elsevier}
}

@article{n_heptane_methylcyclohexane,
  title={OH time-histories during oxidation of n-heptane and methylcyclohexane at high pressures and temperatures},
  author={Vasu, Subith S and Davidson, David F and Hanson, Ronald K},
  journal={Combustion and Flame},
  volume={156},
  number={4},
  pages={736--749},
  year={2009},
  publisher={Elsevier}
}

@article{n_heptane_oxidation,
  title={Multi-species time-history measurements during n-heptane oxidation behind reflected shock waves},
  author={Davidson, DF and Hong, Z and Pilla, GL and Farooq, A and Cook, RD and Hanson, RK},
  journal={Combustion and flame},
  volume={157},
  number={10},
  pages={1899--1905},
  year={2010},
  publisher={Elsevier}
}

@article{weininger1988smiles,
  title={SMILES, a chemical language and information system. 1. Introduction to methodology and encoding rules},
  author={Weininger, David},
  journal={Journal of chemical information and computer sciences},
  volume={28},
  number={1},
  pages={31--36},
  year={1988},
  publisher={ACS Publications}
}

@article{rdkit,
author = {Greg Landrum},
title = {RDKit: Open-source cheminformatics},
url ={http://www.rdkit.org}
}

@article{scikit-learn,
 title={Scikit-learn: Machine Learning in {P}ython},
 author={Pedregosa, F. and Varoquaux, G. and Gramfort, A. and Michel, V.
         and Thirion, B. and Grisel, O. and Blondel, M. and Prettenhofer, P.
         and Weiss, R. and Dubourg, V. and Vanderplas, J. and Passos, A. and
         Cournapeau, D. and Brucher, M. and Perrot, M. and Duchesnay, E.},
 journal={Journal of Machine Learning Research},
 volume={12},
 pages={2825--2830},
 year={2011}
}

@article{controlling,
  title={On the controlling mechanism of the upper turnover states in the NTC regime},
  author={Ji, Weiqi and Zhao, Peng and He, Tanjin and He, Xin and Farooq, Aamir and Law, Chung K},
  journal={Combustion and Flame},
  volume={164},
  pages={294--302},
  year={2016},
  publisher={Elsevier}
}

@article{zhao2011correlations,
  title={Correlations for the ignition delay times of hydrogen/air mixtures},
  author={Zhao, ZhenLong and Chen, Zheng and Chen, ShiYi},
  journal={Chinese science bulletin},
  volume={56},
  number={2},
  pages={215--221},
  year={2011},
  publisher={Springer}
}

@article{clustering,
  title={Clustering algorithm for a healthcare dataset using silhouette score value},
  author={Ogbuabor, Godwin and Ugwoke, FN},
  journal={International Journal of Computer Science \& Information Technology},
  volume={10},
  number={2},
  pages={27--37},
  year={2018}
}

@article{Silhouettes,
  title={Silhouettes: a graphical aid to the interpretation and validation of cluster analysis},
  author={Rousseeuw, Peter J},
  journal={Journal of computational and applied mathematics},
  volume={20},
  pages={53--65},
  year={1987},
  publisher={Elsevier}
}



@article{recovering,
  title={Recovering the number of clusters in data sets with noise features using feature rescaling factors},
  author={de Amorim, Renato Cordeiro and Hennig, Christian},
  journal={Information Sciences},
  volume={324},
  pages={126--145},
  year={2015},
  publisher={Elsevier}
}

@incollection{chawla2009data,
  title={Data mining for imbalanced datasets: An overview},
  author={Chawla, Nitesh V},
  booktitle={Data mining and knowledge discovery handbook},
  pages={875--886},
  year={2009},
  publisher={Springer}
}


@book{handbook,
  title={Handbook of biological statistics},
  author={McDonald, John H},
  volume={2},
  year={2009}

@inproceedings{statsmodels,
  title={statsmodels: Econometric and statistical modeling with python},
  author={Seabold, Skipper and Perktold, Josef},
  booktitle={9th Python in Science Conference},
  year={2010},
}

}














